:20:BARC-INTERIM-77
:25:BARCGB22/GB29NWBK60161331926819

:28C:5/1

:34F:GBPC0,00

:61:250115D250,75NTRFCARD//VISA-1234

:86:Card purchase electronics

:61:250115C3000,00NTRFINVOICE//ACME-INV-9001

:86:Customer invoice settlement

:61:250116D15,00NCHGFEE

:86:Account maintenance fee

:90D:2GBP265,75
:90C:1GBP3000,00
