:20:CMZB-942-0001
:25:COBADEFFXXX/DE89370400440532013000
:28C:118/1
:34F:EURD0,00
:34F:EURC0,00
:13D:2506241430+0200
:61:2506240624C1500,00NTRFSALARY//PAYROLL-06
:86:Salary payment June
:61:2506240625D89,99NDDTUTILITY//ENERGY-INV-771
:86:Monthly electricity direct debit
:61:2506240626C42,50NTRFREFUND//SHOP-REFUND
:86:Refund for returned goods
:61:2506240627D1200,00NTRFRENT//LANDLORD-Q3
:86:Quarterly office rent
:90D:2EUR1289,99
:90C:2EUR1542,50
-
